[gd_scene load_steps=11 format=3 uid="uid://46uxbtlqv70m"]

[ext_resource type="PackedScene" uid="uid://bt2nqpaba45ln" path="res://player.tscn" id="1_an173"]
[ext_resource type="Script" path="res://main.gd" id="1_jm1uh"]
[ext_resource type="Theme" uid="uid://b7xejbiyl2a7g" path="res://ui_theme.tres" id="3_b0ggl"]
[ext_resource type="Script" path="res://ScoreLabel.gd" id="4_tr8sw"]
[ext_resource type="Environment" uid="uid://btn12qyfh67gs" path="res://default_env.tres" id="5_xnncy"]

[sub_resource type="BoxShape3D" id="BoxShape3D_q63jk"]
size = Vector3(30, 1, 30)

[sub_resource type="BoxMesh" id="BoxMesh_c5xvu"]
size = Vector3(30, 1, 30)

[sub_resource type="CylinderMesh" id="CylinderMesh_nbp33"]

[sub_resource type="StandardMaterial3D" id="StandardMaterial3D_al0uh"]
albedo_color = Color(1, 0.47451, 0, 1)

[sub_resource type="Curve3D" id="Curve3D_mgk3u"]
_data = {
"points": PackedVector3Array(0, 0, 0, 0, 0, 0, -14.7237, 0, -15.2637, 0, 0, 0, 0, 0, 0, 14.2198, 0, -15.2637, 0, 0, 0, 0, 0, 0, 14.0758, 0, 16.9917, 0, 0, 0, 0, 0, 0, -14.0038, 0, 17.0637, 0, 0, 0, 0, 0, 0, -14.7237, 0, -15.2637),
"tilts": PackedFloat32Array(0, 0, 0, 0, 0)
}
point_count = 5

[node name="Main" type="Node"]
script = ExtResource("1_jm1uh")

[node name="Ground" type="StaticBody3D" parent="."]
transform = Transform3D(1, 0, 0, 0, 1, 0, 0, 0, 1, 0, -0.5, 0)
collision_layer = 4
collision_mask = 0

[node name="CollisionShape3D" type="CollisionShape3D" parent="Ground"]
shape = SubResource("BoxShape3D_q63jk")

[node name="MeshInstance3D" type="MeshInstance3D" parent="Ground/CollisionShape3D"]
layers = 4
mesh = SubResource("BoxMesh_c5xvu")

[node name="DirectionalLight3D" type="DirectionalLight3D" parent="."]
transform = Transform3D(-0.258819, 0.965926, 7.19671e-09, -0.482963, -0.12941, 0.866025, 0.836516, 0.224144, 0.5, 0, 11, 0)
shadow_enabled = true

[node name="Player" parent="." instance=ExtResource("1_an173")]

[node name="CameraPivot" type="Node3D" parent="."]
transform = Transform3D(1, 0, 0, 0, 0.729554, 0.683924, 0, -0.683924, 0.729554, 0, 0, 0)

[node name="Camera3D" type="Camera3D" parent="CameraPivot"]
transform = Transform3D(1, 0, 0, 0, 1, 0, 0, 0, 1, 0, 0, 19)
projection = 1
current = true
fov = 70.0
size = 19.0

[node name="Cylinders" type="Node3D" parent="."]
visible = false

[node name="MeshInstance3D" type="MeshInstance3D" parent="Cylinders"]
transform = Transform3D(1, 0, 0, 0, 1, 0, 0, 0, 1, -13.7895, 1.03624, -14.9346)
visible = false
mesh = SubResource("CylinderMesh_nbp33")
surface_material_override/0 = SubResource("StandardMaterial3D_al0uh")

[node name="MeshInstance3D2" type="MeshInstance3D" parent="Cylinders"]
transform = Transform3D(1, 0, 0, 0, 1, 0, 0, 0, 1, 13.3771, 1.03624, -15.1454)
visible = false
mesh = SubResource("CylinderMesh_nbp33")
surface_material_override/0 = SubResource("StandardMaterial3D_al0uh")

[node name="MeshInstance3D3" type="MeshInstance3D" parent="Cylinders"]
transform = Transform3D(1, 0, 0, 0, 1, 0, 0, 0, 1, 13.3771, 1.03624, 16.674)
visible = false
mesh = SubResource("CylinderMesh_nbp33")
surface_material_override/0 = SubResource("StandardMaterial3D_al0uh")

[node name="MeshInstance3D4" type="MeshInstance3D" parent="Cylinders"]
transform = Transform3D(1, 0, 0, 0, 1, 0, 0, 0, 1, -12.9762, 1.03624, 16.674)
visible = false
mesh = SubResource("CylinderMesh_nbp33")
surface_material_override/0 = SubResource("StandardMaterial3D_al0uh")

[node name="SpawnPath" type="Path3D" parent="."]
curve = SubResource("Curve3D_mgk3u")

[node name="SpawnLocation" type="PathFollow3D" parent="SpawnPath"]
transform = Transform3D(0.99975, 0, 0.0222634, 0, 1, 0, -0.0222634, 0, 0.99975, -14.7237, 0, -15.2635)
progress = 121.614
rotation_mode = 1

[node name="MobTimer" type="Timer" parent="."]
wait_time = 0.7
autostart = true

[node name="UserInterface" type="Control" parent="."]
layout_mode = 3
anchors_preset = 15
anchor_right = 1.0
anchor_bottom = 1.0
offset_left = -1.0
offset_right = -1.0
grow_horizontal = 2
grow_vertical = 2
theme = ExtResource("3_b0ggl")

[node name="ScoreLabel" type="Label" parent="UserInterface"]
layout_mode = 0
offset_left = 17.0
offset_top = 16.0
offset_right = 113.0
offset_bottom = 50.0
theme_override_colors/font_color = Color(0.223529, 0, 0.760784, 1)
text = "Score: 0"
script = ExtResource("4_tr8sw")

[node name="Retry" type="ColorRect" parent="UserInterface"]
visible = false
layout_mode = 1
anchors_preset = 15
anchor_right = 1.0
anchor_bottom = 1.0
grow_horizontal = 2
grow_vertical = 2
color = Color(0, 0, 0, 0.47451)

[node name="Label" type="Label" parent="UserInterface/Retry"]
layout_mode = 1
anchors_preset = 14
anchor_top = 0.5
anchor_right = 1.0
anchor_bottom = 0.5
offset_top = -15.5
offset_bottom = 15.5
grow_horizontal = 2
grow_vertical = 2
text = "Press Enter to retry"
horizontal_alignment = 1

[node name="WorldEnvironment" type="WorldEnvironment" parent="."]
environment = ExtResource("5_xnncy")

[connection signal="hit" from="Player" to="." method="_on_player_hit"]
[connection signal="timeout" from="MobTimer" to="." method="_on_mob_timer_timeout"]
